%
% references.bib -- Bibliography file for the paper 000template
%
% (c) 2020 Autor, Hochschule Rapperswil
%

@book{arctan:numerical-analysis,
	title = {Numerical Analysis},
	author = {David Kincaid and Ward Cheney},
	publisher = {American Mathematical Society},
	year = {2002},
	isbn = {978-8-8218-4788-6},
	inseries = {Pure and applied undegraduate texts},
	volume = {2}
}

